<record><leader>00000cas a22000007a 4500</leader><controlfield tag="001">11309316</controlfield><controlfield tag="008">841025d187u187uiluwr ne      0    0eng d</controlfield><datafield ind1=" " ind2=" " tag="010"><subfield code="a">sn 84038423 </subfield></datafield><datafield ind1=" " ind2=" " tag="040"><subfield code="a">NPX</subfield><subfield code="b">eng</subfield><subfield code="c">NPX</subfield><subfield code="d">MGN</subfield><subfield code="d">CNW</subfield><subfield code="d">OCLCQ</subfield></datafield><datafield ind1=" " ind2=" " tag="042"><subfield code="a">msc</subfield></datafield><datafield ind1="0" ind2="0" tag="245"><subfield code="a">Earlville transcript.</subfield></datafield><datafield ind1=" " ind2=" " tag="260"><subfield code="a">Earlville, Ill. :</subfield><subfield code="b">A.J. Grover</subfield></datafield><datafield ind1=" " ind2=" " tag="300"><subfield code="a">v.</subfield></datafield><datafield ind1=" " ind2=" " tag="310"><subfield code="a">Weekly</subfield></datafield><datafield ind1=" " ind2=" " tag="500"><subfield code="a">Editor: Alonzo J. Grover, &lt;1874&gt;.</subfield></datafield><datafield ind1=" " ind2=" " tag="500"><subfield code="a">Independent reform, &lt;1874&gt;.</subfield></datafield><datafield ind1=" " ind2=" " tag="588"><subfield code="a">Description based on: Vol. 2, no. 31 (Aug. 6, 1874).</subfield></datafield><datafield ind1=" " ind2="4" tag="651"><subfield code="a">Earlville (Ill.)</subfield><subfield code="v">Newspapers.</subfield></datafield><datafield ind1=" " ind2=" " tag="752"><subfield code="a">United States</subfield><subfield code="b">Illinois</subfield><subfield code="c">La Salle</subfield><subfield code="d">Earlville.</subfield></datafield><datafield ind1="0" ind2="0" tag="780"><subfield code="t">Saturday transcript</subfield><subfield code="w">(DLC)sn 85033585</subfield></datafield></record>